@book{米纳切夫1987稀土在催化中的应用,
  title={稀土在催化中的应用},
  author={米纳切夫 and 霍达科夫 and 安托申 and 马尔科夫 and 刘恒潜},
  year={1987},
  publisher={科学出版社}
}

@article{plain:myArticle,
author ="Houston",
title ="Teach you how to use article reference",
jounal ="IEEE Trans. on Typeset",
year ="2006"
};

@misc{LaTeX新人教程,
  author = {A\_zting},
  title = {LaTeX新人教程，30分钟从完全陌生到基本入门},
  howpublished = {[EB/OL]},
  note = {\url{http://blog.sina.com.cn/s/blog_90444ed201016iq6.html}},
  year = 2013,
}

@misc{Latex中如何制作参考文献,
  author = {bluenight},
  title = {Latex中如何制作参考文献},
  howpublished = {[EB/OL]},
  note = {\url{http://blog.csdn.net/chl033/article/details/5927207}},
  year = 2010,
}

@misc{引用网络资源,
  author = {Yuliang},
  title = {LaTeX 使用 bib 管理参考文献时，引用网络资源 URL 导致排版难看的问题},
  howpublished = {[EB/OL]},
  note = {\url{http://blog.chinaunix.net/uid-15031453-id-96959.html}},
  year = 2010,
}